<?xml version="1.0" encoding="UTF-8"?><collection xmlns="http://www.loc.gov/MARC21/slim"><record><leader>00460nam--2200133-i-4500</leader><controlfield tag="001">000031740</controlfield><controlfield tag="002">20161230</controlfield><controlfield tag="005">20161230201038</controlfield><controlfield tag="008">060222s1000------------r-----000-0-eng-d</controlfield><datafield ind1=" " ind2=" " tag="080"><subfield code="a">530.1</subfield></datafield><datafield ind1=" " ind2=" " tag="245"><subfield code="a">Lectures in th.ph. lectures delivered at the summer inst.for theoretical physics, univ.of colorado, bouylder 1963.vol.xi-c:atomic collision processes</subfield></datafield><datafield ind1=" " ind2=" " tag="260"><subfield code="a">Boulder, The Univ.Of Colorado Press, 1969.Xiii+337p</subfield></datafield><datafield ind1=" " ind2=" " tag="700"><subfield code="a">Wesley E.Brittin</subfield></datafield><datafield ind1=" " ind2=" " tag="852"><subfield code="a">15333</subfield></datafield></record></collection>